%%% BIBLIOGRAPHY.BIB
%%% AUTHOR: ALESSIO FERRARI (alessio.ferrari[at]isti.cnr.it)
%%% AUTHOR: Giorgio o. Spagnolo (spagnolo[at]isti.cnr.it)

%%%%%%%%%%%%%%%%%%%%% CONFERENCE PROCEEDINGS %%%%%%%%%%%%%%%%%%%%%
@inproceedings{niu2008b,
  author    = {Nan Niu and
               Steve M. Easterbrook},
  title     = {On-Demand Cluster Analysis for Product Line Functional Requirements},
  booktitle = {Proc. of SPLC'08},
  year      = {2008},
  pages     = {87-96}
}
%%%%%%%%%%%%%%%%%%%
@inproceedings{KopkaDaly,
author    = {Kopka, H. and Daly, P.W. },
year ={2004},
title = {A Guide to LaTeX: Document Preparation for Beginners and Advanced Users},
booktitle = { (4th~edn) Addison-Wesley}
}
@inproceedings{Lamport,
author    = {Lamport, L. },
year ={1994},
title = {LaTeX: A Document Preparation System},
booktitle = { (2nd~edn) Addison-Wesley}
}

@inproceedings{Companion,
author    = {Mittelbach, F. and Goossens, M. },
year ={2004},
title = {The LaTeX Companion},
booktitle = { (2nd~edn) Addison-Wesley}
}
%%%%%%%%%%%%%%%%%
@inproceedings{Fanti2003,
    author = {Fanti, M. P. and Giua, A. and Seatzu, C.},
    booktitle = {SMC'03 Conference Proceedings. 2003 IEEE International Conference on Systems, Man and Cybernetics. Conference Theme - System Security and Assurance },
    location = {Washington, DC, USA},
    pages = {1866--1873},
    publisher = {IEEE},
    title = {{A deadlock prevention method for railway networks using monitors for colored Petri nets}},
    year = {2003}
}

@inproceedings{Mills2003,
    author = {Mills, R.G.J. and Pudney, P.J.},
    booktitle = {MISG: Mathematics in Industry Study Group },
    location = {Adelaide, USA},
    publisher = {Hewitt, J.},
    title = {{The effects of deadlock avoidance on rail network capacity and performance}},
    year = {2003}
}


@inproceedings{Pachl2012,
 author = {Pachl, J.},
 title = {Deadlock Avoidance in Railroad Operations Simulations},
 booktitle = {Promet Traffic\& Transportation},
 year = {2012},
 pages = {359--369}
} 

@inproceedings{Pachl2007,
 author = {Pachl, J.},
 title = {Avoiding Deadlocks in Synchronous Railway Simulations},
 booktitle = {International Seminar on Railway Operations Modelling and Analysis},
 year = {2007},
 pages = {359--369}
} 


@inproceedings{dumitru2011,
 author = {Dumitru, Horatiu and Gibiec, Marek and Hariri, Negar and Cleland-Huang, Jane and Mobasher, Bamshad and Castro-Herrera, Carlos and Mirakhorli, Mehdi},
 title = {On-demand feature recommendations derived from mining public product descriptions},
 booktitle = {Proc. of ICSE'11},
 year = {2011},
 pages = {181--190}
} 

@inproceedings{niu2008,
  author    = {Nan Niu and
               Steve M. Easterbrook},
  title     = {Extracting and Modeling Product Line Functional Requirements},
  booktitle = {Proc. of RE'08},
  year      = {2008},
  pages     = {155-164}
}

@inproceedings{she2011,
 author = {She, Steven and Lotufo, Rafael and Berger, Thorsten and Wasowski, Andrzej and Czarnecki, Krzysztof},
 title = {Reverse engineering feature models},
 booktitle = {Proc. of ICSE '11},
 series = {ICSE '11},
 year = {2011},
 pages = {461--470}
} 



@inproceedings{acher2013,
 author = {Acher, Mathieu and Baudry, Benoit and Heymans, Patrick and Cleve, Anthony and Hainaut, Jean-Luc},
 title = {Support for reverse engineering and maintaining feature models},
 booktitle = {Proc. of VaMoS '13},
 year = {2013},
 pages = {20:1--20:8}
} 


@inbook{john2004,
author = {John, I.},
title ={Capturing product line information from legacy user documentation}, 
booktitle={Software Product Lines}, 
pages ={127 - 159}, 
publisher = {Springer}, 
year = 2006
}

@article{frakes1998,
 author = {Frakes, William and Prieto-Diaz, Ruben and Fox, Christopher},
 title = {DARE: Domain analysis and reuse environment},
 journal = {Ann. Softw. Eng.},
 issue_date = {1998},
 volume = {5},
 month = jan,
 year = {1998},
 pages = {125--141}
} 

@inproceedings{alves2008,
 author = {Alves, Vander and Schwanninger, Christa and Barbosa, Luciano and Rashid, Awais and Sawyer, Peter and Rayson, Paul and Pohl, Christoph and Rummler, Andreas},
 title = {An Exploratory Study of Information Retrieval Techniques in Domain Analysis},
 booktitle = {Proc. of SPLC '08},
 year = {2008},
 pages = {67--76}
} 

@INPROCEEDINGS{chen2005, 
author={Kun Chen and Wei Zhang and Haiyan Zhao and Hong Mei}, 
booktitle={Proc. of RE'05}, 
title={An approach to constructing feature models based on requirements clustering}, 
year={2005}, 
pages={31 - 40} 
}

@inproceedings{weston2009,
 author = {Weston, Nathan and Chitchyan, Ruzanna and Rashid, Awais},
 title = {A framework for constructing semantically composable feature models from natural language requirements},
 booktitle = {Proc. of SPLC '09},
 year = {2009},
 pages = {211--220}
} 

@inproceedings{acher2012,
 author = {Acher, Mathieu and Cleve, Anthony and Perrouin, Gilles and Heymans, Patrick and Vanbeneden, Charles and Collet, Philippe and Lahire, Philippe},
 title = {On extracting feature models from product descriptions},
 booktitle = {Proc. of VaMoS '12},
 year = {2012},
 pages = {45--54}
} 

@inproceedings{bonin2010,
  author = {Francesca Bonin and Felice Dell'Orletta and Simonetta Montemagni and Giulia Venturi},
  title = {A Contrastive Approach to Multi-word Extraction from Domain-specific Corpora},
  booktitle = {Proc. of LREC'10},
  year = {2010},
  pages = {19-21}
 }
 
@inproceedings{dellorletta2009,
author = {Felice Dell'Orletta},
booktitle = {Proc. of Evalita'09, Evaluation of NLP and Speech Tools for Italian}, 
title = {Ensemble system for Part-of-Speech tagging},
year = {2009}  
}

@inproceedings{ferrari2012,
author={Ferrari, A. and Spagnolo, G. O. and Martelli, G. and Menabeni, S.},
title = {{Product Line Engineering Applied to CBTC Systems Development}},
booktitle={{Proc. of ISOLA'12}},
year = {2012},
series    = {LNCS},
volume    = {7610},
pages = {216-230}
}
@inproceedings{Batory2005,
  author    = {Batory, D. S.},
  title     = {Feature Models, Grammars, and Propositional Formulas},
  booktitle = {Proc. of SPLC'05},
  year      = {2005},
  pages     = {7-20}
}

@inproceedings{Fantechi2008,
 author = {Fantechi, A. and Gnesi, S.},
 title = {Formal Modeling for Product Families Engineering},
 booktitle = {Proc. of SPLC'08},
 year = {2008},
 pages = {193-202}
} 

@inproceedings{Kuun2004,
    author = {Kuun, Ed},
    booktitle = {Proc. of APTA's Rail Transit Conferece'04},   
    title = {{Open Standards for CBTC and CBTC Radio Based Communications}},
    year = {2004}
}

@inproceedings{Fantechi2010,
 author = {Bucchiarone, A. and Fantechi, A. and Gnesi, S. and Trentanni, G.},
 title = {An Experience in Using a Tool for Evaluating a Large Set of Natural Language Requirements},
 booktitle = {Proc. of SAC'10},
 year = {2010},
 pages = {281-286}
} 

@inproceedings{yang2008,
 author = {Yang, C.S. and Lim, J.S. and Um, J.K. and Han, J.M. and Bang, Y. and Kim, H.H. and Yun, Y.H. and Kim, C.J. and Cho, Y,G.},
 title = {{Developing {CBTC} {S}oftware {U}sing {M}odel-{D}riven {D}evelopment {A}pproach}},
 booktitle = {Proc. of WCRR'08},
 year = {2008}
} 

@inproceedings{wang2010,
 author = {Wang, Haifeng and Liu, Shuo},
 title = {{Modeling Communications Based Train Control system: A case study}},
 booktitle = {Proc. of ICIMA'10},
 year = {2010},
 pages = {453-456}
} 

@inproceedings{yuan2011,
 author = {Yuan, L. and Tang, T. and Li, K.},
 title = {{Modelling and Verification of the System Requirement Specification of Train Control System Using SDL}},
 booktitle = {Proc. of ISADS'11},
 year = {2011},
 pages = {81-85}
} 
%%%%%%%%%%%%%%%%%%%%% Journals %%%%%%%%%%%%%%%%%%%%%
@article{Mittermayr2012,
      author  = {Mittermayr, R. and Blieberger, J. and Sch\"obel, A.},
      title   = {{Kronecker Algebra based Deadlock Analysis for Railway Systems}},
      journal = {PROMET - Traffic \& Transportation},
      year    = {2012},
      issn    = {1848-4069},
      number  = {5},
      volume  = {24},
      pages   = {359-369},
}
%%%%%%%%%%%%%%%%%%%%% BOOKS %%%%%%%%%%%%%%%%%%%%%

@book{Czarnecki2000,
 author = {Czarnecki, K. and Eisenecker, U.W.},
 title = {Generative programming: methods, tools, and applications},
 year = {2000},
 publisher = {ACM Press/Addison-Wesley},
 address = {New York, NY, USA}
} 

@book{Pohl2005,
 author = {Pohl, Klaus and B\"{o}ckle, G\"{u}nter and Linden, Frank J. van der},
 title = {Software Product Line Engineering: Foundations, Principles and Techniques},
 year = {2005},
 publisher = {Springer-Verlag New York, Inc.},
 address = {Secaucus, NJ, USA}
} 

@book{Clements2001,
 title = {Software product lines: practices and patterns},
 year = {2001},
 author = {Clements, Paul C. and Northrop, Linda},
 publisher = {Addison-Wesley Longman, Inc.},
 address = {Boston, MA, USA}
} 

%%%%%%%%%%%%%%%%%%%%% STANDARD %%%%%%%%%%%%%%%%%%%%%


@ARTICLE{ieee1474, 
author={{IEEE}}, 
title={{Standard for CBTC Performance and Functional Requirements}},
JOURNAL ={{IEEE Std 1474.1}}, 
year={2004}, 
}



@article{cei2007,
title={{IEC} 62290-1: Railway applications: Urban guided transport management and command/control systems. {Part} 1: System principles and fundamental concepts},
  year={2007},
  
}



@article{cei2011,
  title={{IEC} 62290-2: Railway applications: Urban guided transport management and command/control systems. {Part} 2: Functional requirements specification},
  year={2011},
  
}

%%%%%%%%%%%%%%%%%MISCELLANEA%%%%%%%%%%%%%%%%%%%%%%%%%%%%%%%%%%

@misc{cenelec2001,
	author = {CENELEC},
	title = {{EN} 50128, {Railway} Applications - {Communications}, Signalling and Processing Systems - {Software} for Railway Control and Protection Systems},
	year = {2011} 
}

@techreport{Kang1990,
 
  author = {Kang, K. C. and Cohen, S. G. and Hess, J. A. and Novak, W. E. and Peterson, A. S.},
  
  institution = {Carnegie-Mellon University Software Engineering Institute},
  
  title = {{Feature-Oriented Domain Analysis (FODA) Feasibility Study}},
  year = 1990
}
@techreport{Chastek01,
    author = {Chastek, G. and Donohoe, P. and Kang, K. C. and Thiel, S.},
    
    institution = {Software Engineering Institute, Carnegie Mellon University},
   
    number = {CMU/SEI-2001-TR-001},
   
    title = {{Product Line Analysis: A Practical Introduction}},
    year = {2001}
}

@ARTICLE{Pascoe2009, 
author={Pascoe,Robert D. and Eichorn,Thomas N. }, 
journal={{IEEE Vehicular Technology Magazine}}, 
title={{What is Communication-Based Train Control?}}, 
year={2009}, 
}

@misc{urbalis2009, 
author={{Signalling\ Solutions\ Limited}}, 
title={{URBALIS Communication Based Train Control (CBTC) Delivery Performance and Flexibility}}, 
year={2009}, 
HOWPUBLISHED ={http://goo.gl/G3hEe}
}

@misc{guerra2009, 
author={Guerra, Alessandro}, 
title={{Il nuovo sistema CBTC per metropolitane - L'automazione della linea 1 della Metropolitana di Milano}}, 
year={2009}, 
HOWPUBLISHED ={http://goo.gl/VGnzf},
}%HOWPUBLISHED ={http://fra74.files.wordpress.com/2009/11/alstom-guerra-automazione-della-linea-1-di-milano.pdf},


@misc{pascault2011, 
author={Pascault, Gilles}, 
title={{Response to the Driverless and CBTC growing market}}, 
year={2011}, 
HOWPUBLISHED ={http://goo.gl/fAL5n},

}%HOWPUBLISHED={http://www.cbtcworldcongress.com/upload/pages/D1_0930_Giles%20Pascault-web.pdf},


@misc{ansaldo2011, 
author={{Ansaldo\ STS}}, 
title={{CBTC Brochure}}, 
year={2011}, 
HOWPUBLISHED ={http://goo.gl/3Kmb0},

}%HOWPUBLISHED={http://www.finmeccanicausa.com/Capabilities/PDF/CBTC.pdf},


@misc{jeronimo2010, 
author={Jeronimo, Adelino}, 
title={{Solving the Capacity Challenge - CBTC for Metro de Madrid}}, 
year={2010}, 
HOWPUBLISHED ={http://goo.gl/7Sy1C},

}%HOWPUBLISHED={http://banebranchen.dk/bbdocs/konf2010/FraTankeTilHandling-AdelinoJeronimo.pdf},


@misc{stover, 
author={Stover, Jeffrey S.}, 
title={{CITYFLO 650 System Overview}}, 
year={2006},
HOWPUBLISHED ={http://goo.gl/e26SZ},
}%HOWPUBLISHED={http://www2.dorts.gov.tw/tech/techjour/tcj35/no35-9.pdf},


@misc{page2009, 
author={Page, Charles R.}, 
title={{Advances in Communication Based Train Control for Metro Railways}}, 
year={2009}, 
}

@misc{sirius, 
author={{Invensys\ Rail}}, 
title={{SIRIUS Brochure}},
year={2009},
HOWPUBLISHED ={http://goo.gl/YFUiL},
}&HOWPUBLISHED={http://www.invensysrail.com/downloads/1164ZvPJgElrIkgY.pdf},


@misc{siemens2008, 
author={{Siemens\ Transportation\ Systems}}, 
title={High availabilitytrain to wayside communication system for metro applications}, 
year={2008}, 
HOWPUBLISHED ={http://goo.gl/PKG9i},
}


@misc{airlink2010, 
author={{Siemens\ Transportation\ Systems}}, 
title={{Airlink - High performance wireless broadband onboard connection}}, 
year={2010}, 
HOWPUBLISHED ={http://goo.gl/oRNEB},
}%HOWPUBLISHED={http://www.industry.siemens.co.uk/mobility/uk/en/rail_solutions/Rail_Automation/Mobile_Comms/UK/Documents/Siemens%20Airlink_brochure.pdf},


@misc{trainguard2006, 
author={{Siemens\ Transportation\ Systems}}, 
title={{Trainguard MT CBTC}}, 
year={2006}, 
HOWPUBLISHED ={http://goo.gl/Xi0h0},
}%HOWPUBLISHED={http://www.nwe.siemens.com/denmark/internet/dk/mobility/signal_sikringsteknik/togkontrol/Documents/Trainguard_MT_CBTC_eng.pdf},


@misc{alcatel2003, 
author={Alcatel}, 
title={{Integration of Wireless Network Technology with Signaling in the Rail Transit Industry}}, 
year={2003},
}%HOWPUBLISHED={http://sysdoc.doors.ch/ALCATEL/S0304-WirelessNetwork-EN.pdf},


@manual{silajev2010, 
author={Silajev, Igor}, 
title={{Basic Signalling Principles for System Engineers}}, 
ORGANIZATION={{Rail\ Signalling\ Solutions}},
year={2010}, 
HOWPUBLISHED ={http://goo.gl/cY6do},
}%HOWPUBLISHED={http://www.rpknis.rs/ictforum2010/PPTprezentacije/English/CBTC-Communication%20Based%20Train%20Control%20-%20Igor%20Silajev.pdf},


@misc{thales2009, 
author={{Thales\ Transportation}}, 
title={{Seltrac Brochure}}, 
year={2009}, 
HOWPUBLISHED ={http://goo.gl/OjhvK},
}%HOWPUBLISHED={http://www.thalesgroup.com/uploadedFiles/Countries/Canada/What_We_Do/SelTrac%20Brochure.pdf},


@incollection{essame2006,
 author = {Essam\'e, Didier and Dol\'e, Daniel},
 title = {{B in Large-Scale Projects: The Canarsie Line CBTC Experience}},
 booktitle = {Computer Science},
 year = {2006},
volume={4355/2006},
 pages = {252-254},
} 

@misc{Jansen98technicalissues,
author = {L. Jansen and M. Meyer Zu Horste and E. Schnieder},
title = {Technical Issues In Modelling The {European Train Control System (ETCS)} Using{ Coloured Petri Nets} And The {Design/CPN} Tools},
year = {1998}
}

@misc{Cui2009,
author = {Young Cui},
title = {Simulation-based hybrid model for a partially-automatic dispatching of railway operation},
booktitle = {Dissertation thesis Universitat Stuttgart},
year = {2009}
}

